%% This BibTeX bibliography file was created using BibDesk.
%% http://bibdesk.sourceforge.net/


%% Created for Edward Newell at 2014-10-03 23:37:04 -0400 


%% Saved with string encoding Unicode (UTF-8) 



@inproceedings{liu2013s,
	Author = {Liu, Wendy and Ruths, Derek},
	Booktitle = {AAAI Spring Symposium: Analyzing Microtext},
	Date-Added = {2014-10-04 02:57:48 +0000},
	Date-Modified = {2014-10-04 02:57:48 +0000},
	Title = {What's in a Name? Using First Names as Features for Gender Inference in Twitter.},
	Year = {2013}}

@inproceedings{liu2012using,
	Author = {Liu, Wendy and Al Zamal, Faiyaz and Ruths, Derek},
	Booktitle = {Int'l AAAI Conference on Weblogs and Social},
	Date-Added = {2014-10-04 02:57:44 +0000},
	Date-Modified = {2014-10-04 02:57:44 +0000},
	Title = {Using social media to infer gender composition of commuter populations},
	Year = {2012}}

@inproceedings{al2012homophily,
	Author = {Al Zamal, Faiyaz and Liu, Wendy and Ruths, Derek},
	Booktitle = {ICWSM},
	Date-Added = {2014-10-04 02:57:37 +0000},
	Date-Modified = {2014-10-04 02:57:37 +0000},
	Title = {Homophily and Latent Attribute Inference: Inferring Latent Attributes of Twitter Users from Neighbors.},
	Year = {2012}}

@book{jannach2010recommender,
	Author = {Jannach, Dietmar and Zanker, Markus and Felfernig, Alexander and Friedrich, Gerhard},
	Date-Added = {2014-10-04 02:53:13 +0000},
	Date-Modified = {2014-10-04 02:53:13 +0000},
	Publisher = {Cambridge University Press},
	Title = {Recommender systems: an introduction},
	Year = {2010}}

@article{leopold2002text,
	Author = {Leopold, Edda and Kindermann, J{\"o}rg},
	Date-Added = {2014-10-04 01:15:06 +0000},
	Date-Modified = {2014-10-04 01:15:06 +0000},
	Journal = {Machine Learning},
	Number = {1-3},
	Pages = {423--444},
	Publisher = {Springer},
	Title = {Text categorization with support vector machines. How to represent texts in input space?},
	Volume = {46},
	Year = {2002},
	Bdsk-File-1 = {YnBsaXN0MDDUAQIDBAUGJCVYJHZlcnNpb25YJG9iamVjdHNZJGFyY2hpdmVyVCR0b3ASAAGGoKgHCBMUFRYaIVUkbnVsbNMJCgsMDRBWJGNsYXNzV05TLmtleXNaTlMub2JqZWN0c4AHog4PgAKAA6IREoAEgAVccmVsYXRpdmVQYXRoWWFsaWFzRGF0YV8QIy4uLy4uLy4uLy4uLy4uL3JlZnMvbGVvcG9sZDIwMDIucGRm0gkXGBlXTlMuZGF0YYAGTxEBeAAAAAABeAACAAAMTWFjaW50b3NoIEhEAAAAAAAAAAAAAAAAAAAAyMLxd0grAAACc+weD2xlb3BvbGQyMDAyLnBkZgAAAAAAAAAAAAAAAAAAAAAAAAAAAAAAAAAAAAAAAAAAAAAAAAAAAAAAAAAAAAAAAALLVIHQVMI7UERGIAAAAAAABQACAAAJIAAAAAAAAAAAAAAAAAAAAARyZWZzABAACAAAyMMptwAAABEACAAA0FT6ewAAAAEADAJz7B4CAq0oAACWQgACADNNYWNpbnRvc2ggSEQ6VXNlcnM6AGVuZXdlMTAxOgByZWZzOgBsZW9wb2xkMjAwMi5wZGYAAA4AIAAPAGwAZQBvAHAAbwBsAGQAMgAwADAAMgAuAHAAZABmAA8AGgAMAE0AYQBjAGkAbgB0AG8AcwBoACAASABEABIAI1VzZXJzL2VuZXdlMTAxL3JlZnMvbGVvcG9sZDIwMDIucGRmAAATAAEvAAAVAAIAD///AADSGxwdHlokY2xhc3NuYW1lWCRjbGFzc2VzXU5TTXV0YWJsZURhdGGjHR8gVk5TRGF0YVhOU09iamVjdNIbHCIjXE5TRGljdGlvbmFyeaIiIF8QD05TS2V5ZWRBcmNoaXZlctEmJ1Ryb290gAEACAARABoAIwAtADIANwBAAEYATQBUAFwAZwBpAGwAbgBwAHMAdQB3AIQAjgC0ALkAwQDDAj8CRAJPAlgCZgJqAnECegJ/AowCjwKhAqQCqQAAAAAAAAIBAAAAAAAAACgAAAAAAAAAAAAAAAAAAAKr}}

@article{wang2013,
	Author = {Wang, Deqing and Zhang, Hui},
	Date-Added = {2014-10-04 01:07:17 +0000},
	Date-Modified = {2014-10-04 01:08:48 +0000},
	Journal = {Journal of Information Science and Engineering},
	Pages = {209-225},
	Title = {Inverse-category-frequency based supervised term weighting scheme for text categorization},
	Volume = {29},
	Year = {2013},
	Bdsk-File-1 = {YnBsaXN0MDDUAQIDBAUGJCVYJHZlcnNpb25YJG9iamVjdHNZJGFyY2hpdmVyVCR0b3ASAAGGoKgHCBMUFRYaIVUkbnVsbNMJCgsMDRBWJGNsYXNzV05TLmtleXNaTlMub2JqZWN0c4AHog4PgAKAA6IREoAEgAVccmVsYXRpdmVQYXRoWWFsaWFzRGF0YV8QIC4uLy4uLy4uLy4uLy4uL3JlZnMvd2FuZzIwMTMucGRm0gkXGBlXTlMuZGF0YYAGTxEBagAAAAABagACAAAMTWFjaW50b3NoIEhEAAAAAAAAAAAAAAAAAAAAyMLxd0grAAACc+weDHdhbmcyMDEzLnBkZgAAAAAAAAAAAAAAAAAAAAAAAAAAAAAAAAAAAAAAAAAAAAAAAAAAAAAAAAAAAAAAAAAAAALLU+DQVL9sUERGIAAAAAAABQACAAAJIAAAAAAAAAAAAAAAAAAAAARyZWZzABAACAAAyMMptwAAABEACAAA0FT3rAAAAAEADAJz7B4CAq0oAACWQgACADBNYWNpbnRvc2ggSEQ6VXNlcnM6AGVuZXdlMTAxOgByZWZzOgB3YW5nMjAxMy5wZGYADgAaAAwAdwBhAG4AZwAyADAAMQAzAC4AcABkAGYADwAaAAwATQBhAGMAaQBuAHQAbwBzAGgAIABIAEQAEgAgVXNlcnMvZW5ld2UxMDEvcmVmcy93YW5nMjAxMy5wZGYAEwABLwAAFQACAA///wAA0hscHR5aJGNsYXNzbmFtZVgkY2xhc3Nlc11OU011dGFibGVEYXRhox0fIFZOU0RhdGFYTlNPYmplY3TSGxwiI1xOU0RpY3Rpb25hcnmiIiBfEA9OU0tleWVkQXJjaGl2ZXLRJidUcm9vdIABAAgAEQAaACMALQAyADcAQABGAE0AVABcAGcAaQBsAG4AcABzAHUAdwCEAI4AsQC2AL4AwAIuAjMCPgJHAlUCWQJgAmkCbgJ7An4CkAKTApgAAAAAAAACAQAAAAAAAAAoAAAAAAAAAAAAAAAAAAACmg==}}

@article{forman2003extensive,
	Author = {Forman, George},
	Date-Added = {2014-10-03 04:45:09 +0000},
	Date-Modified = {2014-10-03 04:45:09 +0000},
	Journal = {The Journal of machine learning research},
	Pages = {1289--1305},
	Publisher = {JMLR. org},
	Title = {An extensive empirical study of feature selection metrics for text classification},
	Volume = {3},
	Year = {2003},
	Bdsk-File-1 = {YnBsaXN0MDDUAQIDBAUGJCVYJHZlcnNpb25YJG9iamVjdHNZJGFyY2hpdmVyVCR0b3ASAAGGoKgHCBMUFRYaIVUkbnVsbNMJCgsMDRBWJGNsYXNzV05TLmtleXNaTlMub2JqZWN0c4AHog4PgAKAA6IREoAEgAVccmVsYXRpdmVQYXRoWWFsaWFzRGF0YV8QIi4uLy4uLy4uLy4uLy4uL3JlZnMvZm9ybWFuMjAwMy5wZGbSCRcYGVdOUy5kYXRhgAZPEQFyAAAAAAFyAAIAAAxNYWNpbnRvc2ggSEQAAAAAAAAAAAAAAAAAAADIwvF3SCsAAAJz7B4OZm9ybWFuMjAwMy5wZGYAAAAAAAAAAAAAAAAAAAAAAAAAAAAAAAAAAAAAAAAAAAAAAAAAAAAAAAAAAAAAAAAAAsrZ7tBTnE8AAAAAAAAAAAAFAAIAAAkgAAAAAAAAAAAAAAAAAAAABHJlZnMAEAAIAADIwym3AAAAEQAIAADQU9SPAAAAAQAMAnPsHgICrSgAAJZCAAIAMk1hY2ludG9zaCBIRDpVc2VyczoAZW5ld2UxMDE6AHJlZnM6AGZvcm1hbjIwMDMucGRmAA4AHgAOAGYAbwByAG0AYQBuADIAMAAwADMALgBwAGQAZgAPABoADABNAGEAYwBpAG4AdABvAHMAaAAgAEgARAASACJVc2Vycy9lbmV3ZTEwMS9yZWZzL2Zvcm1hbjIwMDMucGRmABMAAS8AABUAAgAP//8AANIbHB0eWiRjbGFzc25hbWVYJGNsYXNzZXNdTlNNdXRhYmxlRGF0YaMdHyBWTlNEYXRhWE5TT2JqZWN00hscIiNcTlNEaWN0aW9uYXJ5oiIgXxAPTlNLZXllZEFyY2hpdmVy0SYnVHJvb3SAAQAIABEAGgAjAC0AMgA3AEAARgBNAFQAXABnAGkAbABuAHAAcwB1AHcAhACOALMAuADAAMICOAI9AkgCUQJfAmMCagJzAngChQKIApoCnQKiAAAAAAAAAgEAAAAAAAAAKAAAAAAAAAAAAAAAAAAAAqQ=}}

@inproceedings{yang1999re,
	Author = {Yang, Yiming and Liu, Xin},
	Booktitle = {Proceedings of the 22nd annual international ACM SIGIR conference on Research and development in information retrieval},
	Date-Added = {2014-10-03 04:44:11 +0000},
	Date-Modified = {2014-10-03 04:44:11 +0000},
	Organization = {ACM},
	Pages = {42--49},
	Title = {A re-examination of text categorization methods},
	Year = {1999},
	Bdsk-File-1 = {YnBsaXN0MDDUAQIDBAUGJCVYJHZlcnNpb25YJG9iamVjdHNZJGFyY2hpdmVyVCR0b3ASAAGGoKgHCBMUFRYaIVUkbnVsbNMJCgsMDRBWJGNsYXNzV05TLmtleXNaTlMub2JqZWN0c4AHog4PgAKAA6IREoAEgAVccmVsYXRpdmVQYXRoWWFsaWFzRGF0YV8QIC4uLy4uLy4uLy4uLy4uL3JlZnMveWFuZzE5OTkucGRm0gkXGBlXTlMuZGF0YYAGTxEBagAAAAABagACAAAMTWFjaW50b3NoIEhEAAAAAAAAAAAAAAAAAAAAyMLxd0grAAACc+weDHlhbmcxOTk5LnBkZgAAAAAAAAAAAAAAAAAAAAAAAAAAAAAAAAAAAAAAAAAAAAAAAAAAAAAAAAAAAAAAAAAAAALK2oDQU5/+AAAAAAAAAAAABQACAAAJIAAAAAAAAAAAAAAAAAAAAARyZWZzABAACAAAyMMptwAAABEACAAA0FPYPgAAAAEADAJz7B4CAq0oAACWQgACADBNYWNpbnRvc2ggSEQ6VXNlcnM6AGVuZXdlMTAxOgByZWZzOgB5YW5nMTk5OS5wZGYADgAaAAwAeQBhAG4AZwAxADkAOQA5AC4AcABkAGYADwAaAAwATQBhAGMAaQBuAHQAbwBzAGgAIABIAEQAEgAgVXNlcnMvZW5ld2UxMDEvcmVmcy95YW5nMTk5OS5wZGYAEwABLwAAFQACAA///wAA0hscHR5aJGNsYXNzbmFtZVgkY2xhc3Nlc11OU011dGFibGVEYXRhox0fIFZOU0RhdGFYTlNPYmplY3TSGxwiI1xOU0RpY3Rpb25hcnmiIiBfEA9OU0tleWVkQXJjaGl2ZXLRJidUcm9vdIABAAgAEQAaACMALQAyADcAQABGAE0AVABcAGcAaQBsAG4AcABzAHUAdwCEAI4AsQC2AL4AwAIuAjMCPgJHAlUCWQJgAmkCbgJ7An4CkAKTApgAAAAAAAACAQAAAAAAAAAoAAAAAAAAAAAAAAAAAAACmg==}}
